@misc{uwaterloo-enrollment,
  author = {{Institutional Analysis \& Planning}},
  title = {{Student Headcounts}},
  howpublished = {\url{https://uwaterloo.ca/institutional-analysis-planning/university-data-and-statistics/student-data/student-headcounts}},
  note = {Accessed: 2018-08-31},
}

@misc{uwaterloo-cs115,
  title = {{Schedule of Classes for Undergraduate Students}},
  howpublished = {\url{http://www.adm.uwaterloo.ca/infocour/CIR/SA/under.html}},
  note = {Accessed: 2018-08-31},
}

@misc{uwaterloo-ece459,
  title = {{ECE 459: Programming for Performance}},
  howpublished = {\url{https://github.com/jzarnett/ece459}},
  note = {Accessed: 2018-08-31},
}

@misc{lib-curl,
  title = {{libcurl - the multiprotocol file transfer library}},
  howpublished = {\url{https://curl.haxx.se/libcurl/}},
  note = {Accessed: 2018-08-31},
}

@book{lib-pthread,
  author    = "David R. Butenhof",
  title     = "Programming with POSIX Threads",
  publisher = "Addison-Wesley Professional",
  year      =  1997,
}

@misc{lib-llvm,
  title = {{The LLVM Compiler Infrastructure}},
  howpublished = {\url{https://llvm.org/}},
  note = {Accessed: 2018-08-31},
}

@misc{lib-numpy,
  title = {{NumPy}},
  howpublished = {\url{http://www.numpy.org/}},
  note = {Accessed: 2018-09-18},
}

@misc{lib-scikit,
  title = {{scikit-learn: Machine Learning in Python}},
  howpublished = {\url{http://scikit-learn.org/stable/}},
  note = {Accessed: 2018-09-18},
}

@misc{lib-matplotlib,
  title = {{Matplotlib: Python plotting}},
  howpublished = {\url{https://matplotlib.org/}},
  note = {Accessed: 2018-09-18},
}

@misc{lib-valgrind,
  title = {{Valgrind}},
  howpublished = {\url{http://www.valgrind.org/}},
  note = {Accessed: 2018-08-31}
}

@inproceedings{weiser1981program,
  title={Program slicing},
  author={Weiser, Mark},
  booktitle={Proceedings of the 5th international conference on Software engineering},
  pages={439--449},
  year={1981},
  organization={IEEE Press}
}

@article{bille2005survey,
  title={A survey on tree edit distance and related problems},
  author={Bille, Philip},
  journal={Theoretical computer science},
  volume={337},
  number={1-3},
  pages={217--239},
  year={2005},
  publisher={Elsevier}
}

@article{pawlik2011rted,
  title={{RTED: a robust algorithm for the tree edit distance}},
  author={Pawlik, Mateusz and Augsten, Nikolaus},
  journal={Proceedings of the VLDB Endowment},
  volume={5},
  number={4},
  pages={334--345},
  year={2011},
  publisher={VLDB Endowment}
}

% Elbow Method
@article{thorndike1953belongs,
  title={Who belongs in the family?},
  author={Thorndike, Robert L},
  journal={Psychometrika},
  volume={18},
  number={4},
  pages={267--276},
  year={1953},
  publisher={Springer}
}

@article{wold1987principal,
  title={Principal component analysis},
  author={Wold, Svante and Esbensen, Kim and Geladi, Paul},
  journal={Chemometrics and intelligent laboratory systems},
  volume={2},
  number={1-3},
  pages={37--52},
  year={1987},
  publisher={Elsevier}
}

@misc{MaxAbsScaler,
  title = {{sklearn.preprocessing.MaxAbsScaler}},
  howpublished = {\url{http://scikit-learn.org/stable/modules/generated/sklearn.preprocessing.MaxAbsScaler.html}},
  note = {Accessed: 2018-09-25},
}

% K-Means
@inproceedings{macqueen1967some,
  title={Some methods for classification and analysis of multivariate observations},
  author={MacQueen, James and others},
  booktitle={Proceedings of the fifth Berkeley symposium on mathematical statistics and probability},
  volume={1},
  number={14},
  pages={281--297},
  year={1967},
  organization={Oakland, CA, USA}
}

% Gaussian Mixture
@article{dempster1977maximum,
  title={Maximum likelihood from incomplete data via the EM algorithm},
  author={Dempster, Arthur P and Laird, Nan M and Rubin, Donald B},
  journal={{Journal of the Royal Statistical Society. Series B (methodological)}},
  pages={1--38},
  year={1977},
  publisher={JSTOR}
}

% HDBSCAN
@article{McInnes2017,
  doi = {10.21105/joss.00205},
  url = {https://doi.org/10.21105%2Fjoss.00205},
  year  = {2017},
  month = {mar},
  publisher = {The Open Journal},
  volume = {2},
  number = {11},
  author = {Leland McInnes and John Healy and Steve Astels},
  title = {{hdbscan: Hierarchical density based clustering}},
  journal = {The Journal of Open Source Software}
}

%--------------------------------------------------------------------------------
% Related Works
%--------------------------------------------------------------------------------

@article{isaacson1989automating,
  title={Automating the execution of student programs},
  author={Isaacson, Peter C and Scott, Terry A},
  journal={{ACM SIGCSE Bulletin}},
  volume={21},
  number={2},
  pages={15--22},
  year={1989},
  publisher={ACM}
}

@article{spacco2006experiences,
  title={Experiences with marmoset: designing and using an advanced submission and testing system for programming courses},
  author={Spacco, Jaime and Hovemeyer, David and Pugh, William and Emad, Fawzi and Hollingsworth, Jeffrey K and Padua-Perez, Nelson},
  journal={ACM Sigcse Bulletin},
  volume={38},
  number={3},
  pages={13--17},
  year={2006},
  publisher={ACM}
}

@article{higgins2003coursemarker,
  title={{The CourseMarker CBA System: Improvements over Ceilidh}},
  author={Higgins, Colin and Hegazy, Tarek and Symeonidis, Pavlos and Tsintsifas, Athanasios},
  journal={Education and Information Technologies},
  volume={8},
  number={3},
  pages={287--304},
  year={2003},
  publisher={Springer}
}

@inproceedings{jackson1997grading,
  title={{Grading student programs using ASSYST}},
  author={Jackson, David and Usher, Michelle},
  booktitle={ACM SIGCSE Bulletin},
  volume={29},
  number={1},
  pages={335--339},
  year={1997},
  organization={ACM}
}

@inproceedings{morris2003automatic,
  title={Automatic grading of student's programming assignments: an interactive process and suite of programs},
  author={Morris, Derek S},
  booktitle={Frontiers in Education, 2003. FIE 2003 33rd Annual},
  volume={3},
  pages={S3F--1},
  year={2003},
  organization={IEEE}
}

@article{cheang2003automated,
  title={On automated grading of programming assignments in an academic institution},
  author={Cheang, Brenda and Kurnia, Andy and Lim, Andrew and Oon, Wee-Chong},
  journal={Computers \& Education},
  volume={41},
  number={2},
  pages={121--131},
  year={2003},
  publisher={Elsevier}
}

%--------------------------------------------------------------------------------

@article{lieberman1986example,
  title={An example based environment for beginning programmers},
  author={Lieberman, Henry},
  journal={Instructional Science},
  volume={14},
  number={3-4},
  pages={277--292},
  year={1986},
  publisher={Springer}
}

@inproceedings{truong2004static,
  title={{Static analysis of students' Java programs}},
  author={Truong, Nghi and Roe, Paul and Bancroft, Peter},
  booktitle={Proceedings of the Sixth Australasian Conference on Computing Education-Volume 30},
  pages={317--325},
  year={2004},
  organization={Australian Computer Society, Inc.}
}

@article{glassman2015overcode,
  title={OverCode: Visualizing variation in student solutions to programming problems at scale},
  author={Glassman, Elena L and Scott, Jeremy and Singh, Rishabh and Guo, Philip J and Miller, Robert C},
  journal={ACM Transactions on Computer-Human Interaction (TOCHI)},
  volume={22},
  number={2},
  pages={7},
  year={2015},
  publisher={ACM}
}

%--------------------------------------------------------------------------------

@inproceedings{baxter1998clone,
  title={Clone detection using abstract syntax trees},
  author={Baxter, Ira D and Yahin, Andrew and Moura, Leonardo and Sant'Anna, Marcelo and Bier, Lorraine},
  booktitle={Software Maintenance, 1998. Proceedings., International Conference on},
  pages={368--377},
  year={1998},
  organization={IEEE}
}

@inproceedings{feng2013code,
  title={{A code comparison algorithm based on AST for plagiarism detection}},
  author={Feng, Jianglang and Cui, Baojiang and Xia, Kunfeng},
  booktitle={Emerging Intelligent Data and Web Technologies (EIDWT), 2013 Fourth International Conference on},
  pages={393--397},
  year={2013},
  organization={IEEE}
}

@article{singh2013automated,
  title={Automated feedback generation for introductory programming assignments},
  author={Singh, Rishabh and Gulwani, Sumit and Solar-Lezama, Armando},
  journal={ACM SIGPLAN Notices},
  volume={48},
  number={6},
  pages={15--26},
  year={2013},
  publisher={ACM}
}

@article{thorburn1997pass,
  title={PASS: An automated system for program assessment},
  author={Thorburn, Gareth and Rowe, Glenn},
  journal={Computers \& Education},
  volume={29},
  number={4},
  pages={195--206},
  year={1997},
  publisher={Elsevier}
}

@article{naude2010marking,
  title={Marking student programs using graph similarity},
  author={Naud{\'e}, Kevin A and Greyling, Jean H and Vogts, Dieter},
  journal={Computers \& Education},
  volume={54},
  number={2},
  pages={545--561},
  year={2010},
  publisher={Elsevier}
}